<?xml version="1.0" encoding="UTF-8"?><record xmlns="http://www.loc.gov/MARC21/slim" xmlns:cinclude="http://apache.org/cocoon/include/1.0" xmlns:zs="http://www.loc.gov/zing/srw/">
  <leader>00526nz  a2200121n  4500</leader>
  <controlfield tag="001">n 2011028490</controlfield>
  <controlfield tag="003">DLC</controlfield>
  <controlfield tag="005">20110428074911.0</controlfield>
  <controlfield tag="008">110427n| acannaabn          |n aaa      </controlfield>
  <datafield tag="010" ind1=" " ind2=" ">
    <subfield code="a">n 2011028490</subfield>
  </datafield>
  <datafield tag="040" ind1=" " ind2=" ">
    <subfield code="a">DLC</subfield>
    <subfield code="b">eng</subfield>
    <subfield code="c">DLC</subfield>
  </datafield>
  <datafield tag="100" ind1="1" ind2=" ">
    <subfield code="a">Heal, George W.</subfield>
    <subfield code="q">(George Washington)</subfield>
  </datafield>
  <datafield tag="670" ind1=" " ind2=" ">
    <subfield code="a">NUCMC data from Lincolnville Historical Society (Lincolnville, Me.) for Unidentified Lincolnville, Me., account book, undated</subfield>
    <subfield code="b">(George W. Heal; full name: George Washington Heal; served as a private in the Civil War and was killed at Falmouth, Va.)</subfield>
  </datafield>
</record>